@book{knuth1984texbook,
  author    = {Donald E. Knuth},
  title     = {The TeXbook},
  year      = {1984},
  publisher = {Addison-Wesley}
}

@book{lamport1986latex,
  author    = {Leslie Lamport},
  title     = {LaTeX: A Document Preparation System},
  year      = {1986},
  publisher = {Addison-Wesley}
}
@book{knuth1984texbook,
  author    = {Donald E. Knuth},
  title     = {The TeXbook},
  year      = {1984},
  publisher = {Addison-Wesley}
}

@book{lamport1986latex,
  author    = {Leslie Lamport},
  title     = {LaTeX: A Document Preparation System},
  year      = {1986},
  publisher = {Addison-Wesley}
}

